@article{cruz2022competitividad,
  title={Competitividad de las exportaciones de aguacate Hass de México en el mercado mundial},
  author={Cruz, L. and Caamal, C. and Pat., F. and Reza, S.},
  journal={Revista Mexicana de Ciencias Agrícolas},
  volume={13},
  number={2},
  pages={355--362},
  year={2022},
  url={http://cienciasagricolas.inifap.gob.mx/index.php/agricolas/article/view/2885/4723}
}

@article{dane2016cultivo,
  title={Cultivo del aguacate Hass (Persea americana Mill; Persea nubigena var. Guatemalensis x Persea americana var. drymifolia), plagas y enfermedades durante la temporada de lluvias},
  author={{Departamento Administrativo Nacional de Estadística (DANE)}},
  journal={Boletín Mensual Insumos y Factores asociados a la Producción Agropecuaria},
  number={50},
  pages={1--102},
  year={2016},
  url={https://www.dane.gov.co/files/investigaciones/agropecuario/sipsa/Bol_Insumos_ago_2016.pdf}
}

@book{geron2019hands,
  title={Hands-on machine learning with Scikit-Learn, Keras, and TensorFlow: Concepts, tools, and techniques to build intelligent systems},
  author={G{\'e}ron, A.},
  year={2019},
  edition={2nd ed.},
  publisher={O'Reilly Media, Inc.}
}

@article{ica2012manejo,
  title={Manejo Fitosanitario del cultivo del aguacate Hass. Mediadas para la temporada invernal},
  author={{Instituto Colombiano Agropecuario}},
  year={2012},
  location={Colombia},
  organization={Ministerio de Agricultura y Desarrollo Rural}
}

@article{faostat2021hacia,
  title={Hacia una agricultura sostenible y resiliente en América Latina y el Caribe - Análisis de siete trayectorias de transformación exitosas},
  author={{Organización de las Naciones Unidas para la Alimentación y la Agricultura (FAOSTAT)}},
  year={2021},
  location={Chile},
  organization={Organización de las Naciones Unidas para la Alimentación y la Agricultura –FAO},
  url={https://www.fao.org/3/cb4415es/cb4415es.pdf}
}